@inproceedings {Sungyong16,
author = {Sungyong Ahn and Kwanghyun La and Jihong Kim},
title = {Improving {I/O} Resource Sharing of Linux Cgroup for {NVMe} {SSDs} on Multi-core Systems},
booktitle = {8th USENIX Workshop on Hot Topics in Storage and File Systems (HotStorage 16)},
year = {2016},
}
@inproceedings {lxc,
title = {Linux Containers},
url = "http://lxc.sourceforge.net",
}
@inproceedings {docker,
title = {Docker},
url = "https://www.docker.com/",
}
@article{Xavier2015API,
  title={A Performance Isolation Analysis of Disk-Intensive Workloads on Container-Based Clouds},
  author={Miguel G. Xavier and Israel C. De Oliveira and F{\'a}bio Diniz Rossi and Robson D. Dos Passos and Kassiano J. Matteussi and C{\'e}sar A. F. De Rose},
  journal={2015 23rd Euromicro International Conference on Parallel, Distributed, and Network-Based Processing},
  year={2015},
  pages={253-260}
}
@article{Li2015ASCARAC,
  title={ASCAR: Automating contention management for high-performance storage systems},
  author={Yan Li and Xiaoyuan Lu and E. L. Miller and Darrell D. E. Long},
  journal={2015 31st Symposium on Mass Storage Systems and Technologies (MSST)},
  year={2015},
  pages={1-16}
}
@article{Jo2017DynamicLB,
  title={Dynamic Load Balancing of Dispatch Scheduling for Solid State Disks},
  author={Myung Hyun Jo and Won Woo Ro},
  journal={IEEE Transactions on Computers},
  year={2017},
  volume={66},
  pages={1034-1047}
}
@article{Arunagiri2011FAIRIOAA,
  title={FAIRIO: An Algorithm for Differentiated I/O Performance},
  author={Sarala Arunagiri and Yipkei Kwok and Patricia J. Teller and Ricardo Portillo and Seetharami R. Seelam},
  journal={2011 23rd International Symposium on Computer Architecture and High Performance Computing},
  year={2011},
  pages={88-95}
}
@inproceedings{Merchant2011MaestroQI,
  title={Maestro: quality-of-service in large disk arrays},
  author={Arif Merchant and Mustafa Uysal and Pradeep Padala and Xiaoyun Zhu and Sharad Singhal and Kang G. Shin},
  booktitle={ICAC '11},
  year={2011}
}