@inproceedings {Sungyong16,
author = {Sungyong Ahn and Kwanghyun La and Jihong Kim},
title = {Improving {I/O} Resource Sharing of Linux Cgroup for {NVMe} {SSDs} on Multi-core Systems},
booktitle = {8th USENIX Workshop on Hot Topics in Storage and File Systems (HotStorage 16)},
year = {2016},
}
@inproceedings {lxc,
title = {Linux Containers},
url = "http://lxc.sourceforge.net",
}
@inproceedings {docker,
title = {Docker},
url = "https://www.docker.com/",
}
@article{Xavier2015API,
  title={A Performance Isolation Analysis of Disk-Intensive Workloads on Container-Based Clouds},
  author={Miguel G. Xavier and Israel C. De Oliveira and F{\'a}bio Diniz Rossi and Robson D. Dos Passos and Kassiano J. Matteussi and C{\'e}sar A. F. De Rose},
  journal={2015 23rd Euromicro International Conference on Parallel, Distributed, and Network-Based Processing},
  year={2015},
  pages={253-260}
}